@book{pressman2014software,
title={Software Engineering: A Practitioner's Approach},
author={Pressman, Roger S.},
year={2014},
publisher={McGraw-Hill Education},
comment={Dieses Buch bietet eine allgemeine Einführung in Softwaretechnik und behandelt auch das Thema Softwarequalität sowie verschiedene Methoden zur Gewährleistung der Qualität. Es richtet sich an Praktiker und bietet praktische Anleitungen und Beispiele.}
}

@book{sommerville2016software,
title={Software Engineering},
author={Sommerville, Ian},
year={2016},
publisher={Pearson Education Limited},
comment={Dieses Buch behandelt detailliert verschiedene Aspekte der Softwaretechnik, einschließlich Softwarequalität und Softwarequalitätssicherung. Es bietet einen umfassenden Überblick über bewährte Verfahren und Methoden in der Softwareentwicklung.}
}

@book{pfleeger2010software,
title={Software Engineering: Theory and Practice},
author={Pfleeger, Shari Lawrence and Atlee, Joanne M.},
year={2010},
publisher={Pearson Education},
comment={Dieses Buch bietet eine umfassende Betrachtung von Softwarequalität und Qualitätsbewertungsmethoden. Es vermittelt theoretisches Wissen und präsentiert praktische Ansätze zur Verbesserung der Softwarequalität.}
}

@standard{iso9126,
title={Software engineering - Product quality},
organization={International Organization for Standardization (ISO) and International Electrotechnical Commission (IEC)},
year={n.d.},
comment={Die Norm ISO/IEC 9126 definiert Softwarequalitätsmerkmale und -metriken gemäß internationalen Standards. Sie bietet eine Grundlage für die Bewertung und Verbesserung der Qualität von Softwareprodukten.}
}

@standard{ieee730,
title={Software Quality Assurance Plans},
organization={Institute of Electrical and Electronics Engineers (IEEE)},
year={n.d.},
comment={Der IEEE-Standard 730 legt Richtlinien und Standards für Software-Qualitätssicherungspläne fest. Er bietet Anleitungen zur Entwicklung und Umsetzung von Qualitätsmaßnahmen in Softwareprojekten.}
}

@article{basili1994goal,
title={The Goal Question Metric Approach},
author={Basili, Victor R. and Caldiera, Gianluigi and Rombach, Dieter H.},
journal={Encyclopedia of Software Engineering},
year={1994},
volume={1994},
number={4},
pages={528--532},
comment={Dieser Artikel beschreibt den Goal Question Metric (GQM)-Ansatz zur Messung und Bewertung von Softwarequalität. Er bietet einen strukturierten Rahmen für das Festlegen von Zielen, die Formulierung von Fragen und die Auswahl geeigneter Metriken zur Bewertung der Softwarequalität.}
}